@article{AlgorithmPaper,
	author = {Palmieri, Nunzia and Yang, Xin-She and De Rango, Floriano and Marano, Salvatore},
	year = {2017},
	month = {05},
	pages = {},
	title = {Comparison of bio-inspired algorithms applied to the coordination of mobile robots considering the energy consumption},
	journal = {Neural Computing and Applications},
	doi = {10.1007/s00521-017-2998-4}
}